% This file was created with JabRef 2.5.
% Encoding: UTF-8

@ARTICLE{Hudson_2008,
  author = {Hudson, J. J},
  title = {A term-rewriting system for computer quantum algebra},
  journal = {0809.4466},
  year = {2008},
  month = {wrzesień},
  url = {http://arxiv.org/abs/0809.4466}
}

@ARTICLE{Tabakin_Julia-Diaz_2011,
  author = {Tabakin, Frank and Julia-Diaz, Bruno},
  title = {QCWAVE, a Mathematica quantum computer simulation update},
  journal = {1101.1785},
  year = {2011},
  month = {styczeń},
  url = {http://arxiv.org/abs/1101.1785}
}

