@Book{hayashi,
	year = {2006},
	publisher = {Springer-Verlag, Berlin, Germany},
	author = {Hayashi, M.},
	title = {Quantum Information: An Introduction}
}

@Book{BZ06,
    year = {2006},
	publisher = {Cambridge University Press, Cambridge, U.K.},
  	author = {Bengtsson, I. and {\.Z}yczkowski, K.}, 
  	title= {{Geometry of Quantum States: An Introduction to Quantum 
  	Entanglement}}
}

%%%%%%%%%%%%%%%%%%%%%%%%%%%%%%%%%%%%%%%%%%%%%%%%%%%%%%%%%%%%%%%%%%%%%%%%%%%%%%%%

@Article{qdensity,
    author = {Juli\'a-D\'{\i}az, Bruno and Burdis, Joseph M. and Tabakin, Frank},
    title = {{QDENSITY}---A {Mathematica} Quantum Computer simulation},
    journal = {Comp. Phys. Comm.},
    volume = {174},
    issue = {11},
    year = {2006}
}

@Article{gawron05numerical,
    author = {Gawron, P. and Miszczak, J.},
    title = {Numerical simulations of mixed state quantum computation}, 
    journal = {Int. J. Quantum Inf}, 
    volume = {3}, 
    number = {1},
    year = {2005}
}

@Misc{qucalc,
    author = {Touchette, H. and Dumais, P.},
    title = {The quantum computation package for {Mathematica} 4.0},
    note = {http://crypto.cs.mcgill.ca/QuCalc/}
}

@Misc{quantiki,
    title = {List of {QC} simulators},
    note = {{Wiki} article at http://www.quantiki.org/wiki/}
}

@article{radtke08simulation,
    author = {Radtke, T. and Fritzsche, S.},
    title = {Simulation of n-qubit quantum systems. IV. Parametrizations of 
    quantum states, matrices and probability distributions},
    journal = {Comput Phys. Commun.},
    volume = {179},
    number = {9},
    pages = {647-664},
    year = {2008}
}

@misc{quantum2,
    title = {Quantum 2.0 for {Mathematica} 7}, 
    author = {G\'omez-Mu\~noz, J. L. and Delgado-Cepeda, F.},
    note = {http://homepage.cem.itesm.mx/lgomez/}  
}

%%%

@article{ruskai02analysis,
	author = {Ruskai, M. B. and Szarek, S. and Werner, E.},
	journal = {Linear   Algebra Appl.},
	number = {1-3},
	pages = {159--187},
	title = {An analysis of completely-positive trace-preserving maps on $\mathcal{M}_2$},
	volume = {347},
	year = {2002}
}	
	
@article{hastings09superadditivity,
	author = {Hastings, M. B.},
	journal = {Nature Physics},
	number = {4},
	pages = {255--257},
	title = {Superadditivity of communication capacity using entangled inputs},
	volume = {5},
	year = {2009}
}

@article{tilma02generalized,
    author={Tilma, T. and Sudarshan, E. C. G.},
    title={Generalized {Euler} angle parametrization for {SU(N)}},
    journal={J. Phys. A: Math Gen.},
    volume={35},
    number={48},
    pages={10467-10501},
    year={2002}  
}

@article{Bruzda2009320,
	title = "Random quantum operations",
	journal = "Phys. Lett. A",
	volume = "373",
	number = "3",
	pages = "320 - 324",
	year = "2009",
	note = "",
	author = {Bruzda, W. and Cappellini, V and Sommers, H-J and \.Zyczkowski, K}
}
